@book{Balanis2005,
 author = {Balanis, Constantine A.},
 title = {Antenna Theory: Analysis and Design},
 year = {2005},
 isbn = {0471714623},
 publisher = {Wiley-Interscience},
 address = {New York, NY, USA},
} 
@article{knuth1998art,
	title={The art of computer programming, 2: seminumerical algorithms, Addision Wesley},
	author={Knuth, Donald E},
	journal={Reading, MA},
	year={1998}
}
@article{park1988random,
	title={Random number generators: good ones are hard to find},
	author={Park, Stephen K. and Miller, Keith W.},
	journal={Communications of the ACM},
	volume={31},
	number={10},
	pages={1192--1201},
	year={1988},
	publisher={ACM}
}
@article{volchan2001algorithmic,
	title={The algorithmic theory of randomness},
	author={Volchan, S{\'e}rgio B},
	year={2001},
	publisher={Citeseer}
}